% Mnote Carlo Dropout
@misc{gal2016dropoutbayesianapproximationrepresenting,
      title={Dropout as a Bayesian Approximation: Representing Model Uncertainty in Deep Learning}, 
      author={Yarin Gal and Zoubin Ghahramani},
      year={2016},
      eprint={1506.02142},
      archivePrefix={arXiv},
      primaryClass={stat.ML},
      url={https://arxiv.org/abs/1506.02142}, 
}